% Encoding: UTF-8

@Book{DurbinKoopman2012,
  title     = {Time Series Analysis by State Space Models},
  publisher = {Oxford University Press},
  year      = {2012},
  author    = {J. Durbin and S. J. Koopman},
}

@Article{BaiWang2015,
  author  = {Jushan Bai and Peng Wang},
  title   = {Identification and Bayesian Estimation of Dynamic Factor Models},
  journal = {Journal of Business \& Economic Statistics},
  year    = {2015},
}

@Article{MarcellinoEtal2016,
  author  = {Massimiliano Marcellino and Mario Porqueddu and Fabrizio Venditti},
  title   = {Short-Term GDP Forecasting With a Mixed-Frequency Dynamic Factor Model With Stochastic Volatility},
  journal = {Journal of Business \& Economic Statistics},
  year    = {2016},
}

@Article{CarrieroEtal2015,
  author  = {Andrea Carriero and Todd E. Clark and Massimiliano Marcellino},
  title   = {Realtime nowcasting with a Bayesian mixed frequency model with stochastic volatility},
  journal = {Journal of the Royal Statistical Society: Series A},
  year    = {2015},
}

@Unpublished{ForoniMarcellino2013,
  author = {Claudia Foroni and Massimiliano Marcellino},
  title  = {A Survey of Econometric Methods for Mixed-Frequency Data},
  note   = {Norges Bank Working Paper},
  month  = feb,
  year   = {2013},
}

@Article{MarianoMurasawa2003,
  author  = {R. S. Mariano and Y. Murasawa},
  title   = {A New Coincident Index of Business Cycles Based on Monthly and Quarterly Series},
  journal = {Journal of Applied Econometrics},
  year    = {2003},
}

@InCollection{BanburaEtal2013,
  author    = {Marta Ba\`{n}bura and Domenico Giannone and Michele Modugno and Lucrezia Reichlin},
  title     = {Now-Casting and the Real-Time Data Flow},
  booktitle = {Handbook of Economic Forecasting},
  publisher = {North-Holland},
  year      = {2013},
  editor    = {Graham Elliott and Allan Timmermann},
  volume    = {2A},
  pages     = {195-237},
}

@Article{GiacominiRossi2015,
  author  = {Raffaella Giacomini and Barbara Rossi},
  title   = {Forecasting in Nonstationary Environments: What Works and What Doesn't in Reduced-Form and Structural Models},
  journal = {Annual Reviews of Economics},
  year    = {2015},
  volume  = {7},
  pages   = {207-229},
}

@InCollection{Rossi2013,
  author    = {Barbara Rossi},
  title     = {Advances in Forecasting under Instability},
  booktitle = {Handbook of Economic Forecasting},
  publisher = {North-Holland},
  year      = {2013},
  editor    = {Graham Elliott and Allan Timmermann},
  volume    = {2B},
  pages     = {1203-1324},
}

@Article{ZhouEtal2014,
  author  = {Xiaocong Zhou and Jouchi Nakajima and Mike West},
  title   = {Bayesian forecasting and portfolio decisions using dynamic dependent sparse factor models},
  journal = {International Journal of Forecasting},
  year    = {2014},
}

@Unpublished{Thorsrud2016a,
  author = {Leif Anders Thorsrud},
  title  = {Words are the new numbers: A newsy coincident index of business cycles},
  note   = {Norges Bank Working Paper},
  year   = {2016},
}

@Unpublished{Thorsrud2016b,
  author = {Leif Anders Thorsrud},
  title  = {Nowcasting using news topics. Big Data versus big bank},
  note   = {Norges Bank Working Paper},
  year   = {2016},
}

@Article{ChibGreenberg1994,
  author  = {Siddhartha Chib and Edward Greenberg},
  title   = {Bayes inference in regression models with {ARMA}($p$,$q$) errors},
  journal = {Journal of Econometrics},
  year    = {1994},
  volume  = {64},
  pages   = {183-206},
}

@Article{LucianiRicci2014,
  author  = {Matteo Luciani and Lorenzo Ricci},
  title   = {Nowcasting Norway},
  journal = {International Journal of Central Banking},
  year    = {2014},
  volume  = {??},
  pages   = {?? - ??},
}

@Article{AndreouEtal2013,
  author  = {Elena Andreou and Eric Ghysels and Andros Kourtellos},
  title   = {Should Macroeconomic Forecasters Use Daily Financial Data and How?},
  journal = {Journal of Business \& Economics Statistics},
  year    = {2013},
  volume  = {31},
  number  = {2},
  pages   = {240-251},
}

@InCollection{DAgostinoEtal2016,
  author    = {Antonello Dâ€™Agostino and Domenico Giannone and Michele Lenza and Michele Modugno},
  title     = {Nowcasting business cycles: A bayesian approach to dynamic heterogeneous factor models},
  booktitle = {Dynamic Factor Models},
  publisher = {Emerald Group Publishing Limited},
  year      = {2016},
  editor    = {Eric Hillebrand and Siem Jan Koopman},
  series    = {Advances in Econometrics},
  pages     = {569 - 594},
}

@Article{ProiettiMoauro2006,
  author  = {Tommaso Proietti and Filippo Moauro},
  title   = {Dynamic factor analysis with non-linear temporal aggregation constraints},
  journal = {Journal of the Royal Statistical Society: Series C ???},
  year    = {2006},
}

@Comment{jabref-meta: databaseType:bibtex;}
