% Encoding: UTF-8

@InCollection{Karlsson2013,
  author    = {Sune Karlsson},
  title     = {Forecasting with {B}ayesian Vector Autoregressions},
  booktitle = {Handbook of Economic Forecasting},
  publisher = {North Holland},
  year      = {2013},
  volume    = {2},
  pages     = {791-897},
}

@Article{HuberFeldkircher2017,
  author  = {Florian Huber and Martin Feldkircher},
  title   = {Adaptive Shrinkage in Bayesian Vector Autoregressive Models},
  journal = {Journal of Business \& Economic Statistics},
  year    = {2017},
}

@Article{ParkCasella2008,
  author  = {Trevor Park and George Casella},
  title   = {The {B}ayesian Lasso},
  journal = {Journal of the American Statistical Association},
  year    = {2008},
  volume  = {103},
  pages   = {681-686},
}

@Article{GriffinBrown2010,
  author  = {Jim. E. Griffin and Philip. J. Brown},
  title   = {Inference with normal-gamma prior distributions in regression problems},
  journal = {Bayesian Analysis},
  year    = {2010},
  volume  = {5},
  pages   = {171-188},
}

@Article{Gefang2014,
  author  = {Deborah Gefang},
  title   = {Bayesian doubly adaptive elastic-net Lasso for {VAR} shrinkage},
  journal = {International Journal of Forecasting},
  year    = {2014},
  volume  = {30},
  number  = {1},
  pages   = {1-11},
}

@Article{Korobilis2013,
  author  = {Dimitris Korobilis},
  title   = {Hierarchical shrinkage priors for dynamic regressions with many predictors},
  journal = {International Journal of Forecasting},
  year    = {2013},
  volume  = {29},
  number  = {1},
  pages   = {43-59},
}

@Article{Kastner2018,
  author  = {Gregor Kastner},
  title   = {Sparse {B}ayesian Time-Varying Covariance Estimation in Many Dimensions},
  journal = {Journal of Econometrics},
  year    = {2018},
}

@Unpublished{KorobilisPettenuzzo2017,
  author = {Dimitris Korobilis and Davide Pettenuzzo},
  title  = {Adaptive Hierarchical Priors for High-Dimensional Vector Autoregressions},
  note   = {Working Paper},
  year   = {2017},
  url    = {https://papers.ssrn.com/sol3/papers.cfm?abstract_id=2886053},
}

@Unpublished{HuberEtal2016,
  author = {Florian Huber and Gregor Kastner and Martin Feldkircher},
  title  = {Should I stay or should I go? {B}ayesian inference in the threshold time varying parameter ({TTVP}) model},
  note   = {Department of Economics Working Paper No. 235},
  month  = sep,
  year   = {2016},
  url    = {http://epub.wu.ac.at/5178/1/wp235.pdf},
}

@Article{CarvalhoEtal2010,
  author  = {Carlos M. Carvalho and Nicholas G. Polson and James G. Scott},
  title   = {The Horseshoe Estimator for Sparse Signals},
  journal = {Biometrika},
  year    = {2010},
  volume  = {97},
  number  = {2},
  pages   = {465-480},
}

@Article{GeorgeEtal2008,
  author  = {Edward I. George and Dongchu Sun and Shawn Ni},
  title   = {Bayesian stochastic search for {VAR} model restrictions},
  journal = {Journal of Econometrics},
  year    = {2008},
  volume  = {142},
  pages   = {553-580},
}

@Article{LiLin2010,
  author  = {Qing Li and Nan Lin},
  title   = {The {B}ayesian Elastic Net},
  journal = {Bayesian Analysis},
  year    = {2010},
  volume  = {5},
  number  = {1},
  pages   = {151-170},
}

@Article{KalliGriffin2014,
  author  = {Maria Kalli and Jim E. Griffin},
  title   = {Time-varying sparsity in dynamic regression models},
  journal = {Journal of Econometrics},
  year    = {2014},
  volume  = {178},
  pages   = {779-793},
}

@Article{BelmonteEtal2014,
  author  = {Miguel A.G. Belmonte and Gary Koop and Dimitris Korobilis},
  title   = {Hierarchical Shrinkage in Time-Varying Parameter Models},
  journal = {Journal of Forecasting},
  year    = {2014},
  volume  = {33},
  number  = {1},
  pages   = {80-94},
}

@Article{NakajimaWest2013,
  author  = {Jouchi Nakajima and Mike West},
  title   = {Bayesian Analysis of Latent Threshold Dynamic Models},
  journal = {Journal of Business \& Economic Statistics},
  year    = {2013},
  volume  = {31},
  number  = {2},
  pages   = {151-164},
}

@Unpublished{FeldkircherEtal2017,
  author = {Martin Feldkircher and Florian Huber and Gregor Kastner},
  title  = {Sophisticated and small versus simple and sizeable: When does it pay off to introduce drifting coefficients in {B}ayesian {VAR}s?},
  note   = {Working Paper},
  month  = nov,
  year   = {2017},
  url    = {https://arxiv.org/abs/1711.00564},
}

@Article{BhattacharyaEtal2016,
  author  = {Anirban Bhattacharya and Anik Chakraborty and Bani K. Mallick},
  title   = {Fast sampling with Gaussian scale mixture priors in high-dimensional regression},
  journal = {Biometrika},
  year    = {2016},
  volume  = {103},
  number  = {4},
  pages   = {985-991},
}

@Unpublished{HahnEtal2018,
  author = {P. RIchard Hahn and Jingyu He and Hedibert F. Lopes},
  title  = {Efficient sampling for Gaussian linear regression with arbitrary priors},
  note   = {Working Paper},
  month  = feb,
  year   = {2018},
}

@Unpublished{RockovaMcAlinn2017,
  author = {Veronika Rockova and K. McAlinn},
  title  = {Dynamic Variable Selection with Spike-and-Slab Process Priors},
  note   = {Working Paper},
  year   = {2017},
}

@Article{RockovaGeorge2016,
  author  = {V. Rockova and E. George},
  title   = {The Spike-and-Slab LASSO},
  journal = {Journal of the American Statistical Association},
  year    = {2016},
}

@Article{Rockova2018,
  author  = {V. Rockova},
  title   = {Bayesian Estimation of Sparse Signals with a Continuous Spike-and-Slab Prior},
  journal = {The Annals of Statistics},
  year    = {2018},
}

@Article{RockovaGeorge2014,
  author  = {Veronika Rockova and Edward George},
  title   = {EMVS: The EM Approach to Bayesian Variable Selection},
  journal = {Journal of the American Statistical Association},
  year    = {2014},
}

@Article{OHaraSillanpaa2009,
  author  = {R. B. O'Hara and M. J. Sillanpää},
  title   = {A Review of Bayesian Variable Selection Methods},
  journal = {Bayesian Analysis},
  year    = {2009},
}

@Article{CastilloEtal2015,
  author  = {Ismael Castillo and Johannes Schmidt-Hieber and Aad van der Vaart},
  title   = {Bayesian linear regression with sparse priors},
  journal = {The Annals of Statistics},
  year    = {2015},
}

@Article{YangEtal2016,
  author  = {Yun Yang and Martin J. Wainwright and Michael I. Jordan},
  title   = {On the computational complexity of high-dimensional Bayesian variable selection},
  journal = {The Annals of Statistics},
  year    = {2016},
}

@Comment{jabref-meta: databaseType:bibtex;}
