% Encoding: UTF-8

@Article{KantasEtal2015,
  author  = {Nikolas Kantas and Arnaud Doucet and Sumeetpal S. Singh and Jan Maciejowski and Nicolas Chopin},
  title   = {On Particle Methods for Parameter Estimation in State-Space Models},
  journal = {Statistical Science},
  year    = {2015},
}

@Book{DurbinKoopman2012,
	author = {J. Durbin and S. J. Koopman},
	title = {Time Series Analysis by State Space Models},
	publisher = {Oxford University Press},
	year = {2012},
}

@Article{GordonEtal1993,
  author  = {N. J. Gordon and D. J. Salmond and A. F. M. Smith},
  title   = {Novel approach to nonlinear/non-gaussian Bayesian state estimation},
  journal = {IEE Proceedings F - Radar and Signal Processing},
  year    = {1993},
}

@Article{AndrieuEtal2010,
  author  = {Christophe Andrieu and Arnaud Doucet and Roman Holenstein},
  title   = {Particle Markov chain Monte Carlo methods},
  journal = {Journal of the Royal Statistical Society: Series B},
  year    = {2010},
}

@Article{PittShephard1999,
  author  = {Michael K. Pitt and Neil Shephard},
  title   = {Filtering via Simulation: Auxiliary Particle Filters},
  journal = {Journal of the American Statistical Association},
  year    = {1999},
}

@Comment{jabref-meta: databaseType:bibtex;}
