% Encoding: UTF-8

@Article{BaiWang2015,
  author  = {Jushan Bai and Peng Wang},
  title   = {Identification and Bayesian Estimation of Dynamic Factor Models},
  journal = {Journal of Business \& Economic Statistics},
  year    = {2015},
}

@Comment{jabref-meta: databaseType:bibtex;}
