% Encoding: UTF-8

@Article{RodriguezPuggioni2010,
  author  = {Abel Rodriguez and Gavino Puggioni},
  title   = {Mixed frequency models: Bayesian approaches to estimation and prediction},
  journal = {International Journal of Forecasting},
  year    = {2010},
}

@Article{AndreouEtal2010,
  author  = {Elena Andreou and Eric Ghysels and Andros Kourtellos},
  title   = {Regression models with mixed frequency sampling frequencies},
  journal = {Journal of Econometrics},
  year    = {2010},
}

@Article{Ghysels2016,
  author  = {Eric Ghysels},
  title   = {Macroeconomic and the reality of mixed frequency data},
  journal = {Journal of Econometrics},
  year    = {2016},
}

@Article{SchorfheideSong2015,
  author  = {Frank Schorfheide and Dongho Song},
  title   = {Real-time forecasting with a mixed-frequency VAR},
  journal = {Journal of Business \& Economic Statistics},
  year    = {2015},
}

@Article{CarrieroEtal2015,
  author  = {Andrea Carriero and Todd E. Clark and Massimiliano Marcellino},
  title   = {Realtime nowcasting with a Bayesian mixed frequency model with stochastic volatility},
  journal = {Journal of the Royal Statistical Society: Series A},
  year    = {2015},
}

@Article{GhyselsEtal2007,
  author  = {Eric Ghysels and Arthur Sinko and Rossen Valkanov},
  title   = {MIDAS Regressions: Further Results and New Directions},
  journal = {Econometrics Reviews},
  year    = {2007},
}

@Article{ForoniEtal2015,
  author  = {Claudia Foroni and Massimiliano Marcellino and Christian Schumacher},
  title   = {Unrestricted mixed data sampling (MIDAS): MIDAS regressions with unrestricted lag polynomials},
  journal = {Journal of the Royal Statistical Society: Series A},
  year    = {2015},
}

@Article{BaiEtal2013,
  author  = {Jennie Bai and Eric Ghysels and Jonathan H. Wright},
  title   = {State space models and MIDAS regressions},
  journal = {Econometric Reviews},
  year    = {2013},
}

@Article{MonteforteMoretti2013,
  author  = {Libero Monteforte and Gianluca Moretti},
  title   = {Real-Time Forecasts of Inflation: The Role of Financial Variables},
  journal = {Journal of Forecasting},
  year    = {2013},
}

@Article{BreitungRoling2015,
  author  = {JÃ¶rg Breitung and Christoph Roling},
  title   = {Forecasting Inflation Rates Using Daily Data: A Nonparametric MIDAS Approach},
  journal = {Journal of Forecasting},
  year    = {2015},
}

@Article{GuerinEtal2013,
  author  = {Pierre Guerin and Massimiliano Marcellino},
  title   = {Markov-Switching MIDAS Models},
  journal = {Journal of Business \& Economic Statistics},
  year    = {2013},
}

@Article{MarcellinoEtal2016,
  author  = {Massimiliano Marcellino and Mario Porqueddu and Fabrizio Venditti},
  title   = {Short-Term GDP Forecasting With a Mixed-Frequency Dynamic Factor Model With Stochastic Volatility},
  journal = {Journal of Business \& Economic Statistics},
  year    = {2016},
}

@Article{AndreouEtal2013,
  author  = {Elena Andreou and Eric Ghysels and Andros Kourtellos},
  title   = {Should Macroeconomic Forecasters Use Daily Financial Data and How?},
  journal = {Journal of Business \& Economic Statistics},
  year    = {2013},
}

@Article{StockWatson2003,
  author  = {James H. Stock and M. W. Watson},
  title   = {Forecasting Output and Inflation: The Role of Asset prices},
  journal = {Journal of Economic Literature},
  year    = {2003},
}

@Unpublished{ForoniMarcellino2013,
  author = {Claudia Foroni and Massimiliano Marcellino},
  title  = {A Survey of Econometric Methods for Mixed-Frequency Data},
  note   = {Norges Bank Working Paper},
  month  = feb,
  year   = {2013},
}

@Article{MarcellinoSchumacher2010,
  author  = {Massimiliano Marcellino and Christian Schumacher},
  title   = {Factor-MIDAS for Nowcasting and Forecasting with Ragged-Edge Data: A Model Comparison for German GDP},
  journal = {Oxford Bulletin of Economics and Statistics},
  year    = {2010},
}

@Article{Modugno2013,
  author  = {Michele Modugno},
  title   = {Now-casting inflation using high frequency data},
  journal = {International Journal of Forecasting},
  year    = {2013},
}

@Article{GroenEtal2013,
  author  = {Jan J. J. Groen and Richard Paap and Francesco Ravazzolo},
  title   = {Real-time inflation forecasting in a changing world},
  journal = {Journal of Business \& Economic Statistics},
  year    = {2013},
}

@Article{GhyselsWright2009,
  author  = {Eric Ghysels and Jonathan H. Wright},
  title   = {Forecasting Professional Forecasters},
  journal = {Journal of Business \& Economic Statistics},
  year    = {2009},
}

@Article{PettenuzzoEtal2016,
  author  = {Davide Pettenuzzo and Allan Timmermann and Rossen Valkanov},
  title   = {A MIDAS approach to modeling first and second moment dynamics},
  journal = {Journal of Econometrics},
  year    = {2016},
}

@Article{Galvao2013,
  author  = {Ana Beatriz Galvao},
  title   = {Changes in predictive ability with mixed frequency data},
  journal = {International Journal of Forecasting},
  year    = {2013},
}

@Article{ClementsGalvao2009,
  author  = {Michael P. Clements and Ana Beatriz Galvao},
  title   = {Macroeconomic Forecasting with Mixed-Frequency Data: Forecasting Output Growth in the Unites States},
  journal = {Journal of Business \& Economic Statistics},
  year    = {2009},
}

@Unpublished{AparicioBertollo2017,
  author = {Diego Aparicio and Manuel I. Bertollo},
  title  = {Forecasting Inflation with Online Prices},
  note   = {Draft},
  month  = jun,
  year   = {2017},
}

@Article{MarianoMurasawa2003,
  author  = {R. S. Mariano and Y. Murasawa},
  title   = {A New Coincident Index of Business Cycles Based on Monthly and Quarterly Series},
  journal = {Journal of Applied Econometrics},
  year    = {2003},
}

@Comment{jabref-meta: databaseType:bibtex;}
